{
  "company": {
    "ticker": "CRWD",
    "name": "CrowdStrike Holdings Inc.",
    "category": [
      "Tech"
    ],
    "sector": "Technology",
    "subCategory": "Cybersecurity",
    "cik": "0001535527"
  },
  "reports": [
    {
      "filing": {
        "accessionNumber": "0001535527-25-000025",
        "filingDate": "2025-08-28",
        "reportDate": "2025-07-31",
        "form": "10-Q",
        "url": "https://www.sec.gov/Archives/edgar/data/1535527/000153552725000025/crwd-20250731.htm"
      },
      "insights": {
        "guidanceTone": "cautious",
        "guidanceDirection": "maintained",
        "bookingsGrowth": null,
        "pricingPower": "moderate",
        "headcountTrend": "freezing",
        "revenue": 1168.952,
        "netIncome": -77.675,
        "operatingCashFlow": 716.939,
        "freeCashFlow": null,
        "daysalesOutstanding": null,
        "deferredRevenue": 3834.857,
        "marketShareMention": null,
        "customerConcentration": null,
        "geographicBreakdown": {
          "United_States": 67,
          "Europe_Middle_East_Africa": 16,
          "Asia_Pacific": 10,
          "Other": 7
        },
        "capexAmount": 150.974,
        "capexGrowth": null,
        "partnerships": [],
        "supplyChainStatus": "normal",
        "regulatoryHeadwinds": [],
        "aiInvestmentMentioned": null,
        "priorGuidanceHit": null,
        "managementTone": "defensive",
        "overallSentiment": "bearish",
        "summary": "CrowdStrike reported quarterly revenue of $1.17 billion and a net loss of $77.7 million, reflecting continued investment and market challenges. While revenue grew, the company showed cautious financial management with signs of cost control.",
        "keyQuotes": [
          "Cyber security market remains challenging but fundamentally strong",
          "Continued investment in AI and platform capabilities"
        ],
        "marketData": {
          "priceOnEarningsDate": 454.57000732421875,
          "priceAfter7Days": 425,
          "priceChangePercent": -6.505050233797796,
          "managementToneScore": 5,
          "earningsBeatScore": 50,
          "priceActionScore": 25,
          "guidanceAccuracyScoreWeighted": 50,
          "compositeSentimentScore": 38,
          "compositeSentiment": "bearish"
        }
      },
      "quarter": "Q2 2025",
      "quarterInfo": {
        "calendarQuarter": 2,
        "calendarYear": 2025,
        "fiscalQuarter": 2,
        "fiscalYear": 2025,
        "quarter": "Q2 2025",
        "reportDate": "2025-07-31"
      },
      "analyzedSuccessfully": true
    },
    {
      "filing": {
        "accessionNumber": "0001535527-25-000019",
        "filingDate": "2025-06-04",
        "reportDate": "2025-04-30",
        "form": "10-Q",
        "url": "https://www.sec.gov/Archives/edgar/data/1535527/000153552725000019/crwd-20250430.htm"
      },
      "insights": {
        "guidanceTone": "cautious",
        "guidanceDirection": "not_provided",
        "bookingsGrowth": null,
        "pricingPower": "strong",
        "headcountTrend": "stable",
        "revenue": 1103.434,
        "netIncome": -110.207,
        "operatingCashFlow": 384.107,
        "freeCashFlow": null,
        "daysalesOutstanding": null,
        "deferredRevenue": 3771.395,
        "marketShareMention": null,
        "customerConcentration": null,
        "geographicBreakdown": {
          "United States": 67,
          "Europe, Middle East, and Africa": 16,
          "Asia Pacific": 10,
          "Other": 7
        },
        "capexAmount": 103.188,
        "capexGrowth": null,
        "partnerships": [],
        "supplyChainStatus": "unknown",
        "regulatoryHeadwinds": [
          "July 19 Incident legal proceedings"
        ],
        "aiInvestmentMentioned": true,
        "priorGuidanceHit": null,
        "managementTone": "defensive",
        "overallSentiment": "bearish",
        "summary": "CrowdStrike reported strong revenue growth to $1.1 billion in Q1 2025, but experienced a net loss of $110.2 million, largely due to ongoing legal challenges from the July 19 Incident. The company maintains a cautious outlook with significant operational expenses.",
        "keyQuotes": [
          "Our Falcon platform purpose-built to stop breaches",
          "Experiencing ongoing legal proceedings related to the July 19 Incident"
        ],
        "marketData": {
          "priceOnEarningsDate": 428.8699951171875,
          "priceAfter7Days": 422.5199890136719,
          "priceChangePercent": -1.4806365975266012,
          "managementToneScore": 5,
          "earningsBeatScore": 50,
          "priceActionScore": 45,
          "guidanceAccuracyScoreWeighted": 50,
          "compositeSentimentScore": 44,
          "compositeSentiment": "neutral"
        }
      },
      "quarter": "Q1 2025",
      "quarterInfo": {
        "calendarQuarter": 1,
        "calendarYear": 2025,
        "fiscalQuarter": 1,
        "fiscalYear": 2025,
        "quarter": "Q1 2025",
        "reportDate": "2025-04-30"
      },
      "analyzedSuccessfully": true
    },
    {
      "filing": {
        "accessionNumber": "0001535527-24-000026",
        "filingDate": "2024-11-27",
        "reportDate": "2024-10-31",
        "form": "10-Q",
        "url": "https://www.sec.gov/Archives/edgar/data/1535527/000153552724000026/crwd-20241031.htm"
      },
      "insights": {
        "guidanceTone": "cautious",
        "guidanceDirection": "maintained",
        "bookingsGrowth": null,
        "pricingPower": "moderate",
        "headcountTrend": "expanding",
        "revenue": 1010.178,
        "netIncome": -16.822,
        "operatingCashFlow": 1036.005,
        "freeCashFlow": null,
        "daysalesOutstanding": null,
        "deferredRevenue": 3196.518,
        "marketShareMention": "No explicit market share mention",
        "customerConcentration": null,
        "geographicBreakdown": {
          "United States": 68,
          "Europe, Middle East, and Africa": 16,
          "Asia Pacific": 10,
          "Other": 6
        },
        "capexAmount": 167.641,
        "capexGrowth": null,
        "partnerships": [],
        "supplyChainStatus": "normal",
        "regulatoryHeadwinds": [],
        "aiInvestmentMentioned": true,
        "priorGuidanceHit": null,
        "managementTone": "defensive",
        "overallSentiment": "neutral",
        "summary": "CrowdStrike reported quarterly revenue of $1.01 billion, representing strong growth, but experienced a net loss of $16.8 million. The company continues to invest heavily in R&D and expansion, with significant stock-based compensation and ongoing AI investments.",
        "keyQuotes": [
          "CrowdStrike is a global cybersecurity leader that delivers cybersecurity's AI-native platform for the XDR era",
          "The July 19 Incident has had, and is expected to continue to have, an adverse effect on our business"
        ],
        "marketData": {
          "priceOnEarningsDate": 296.8699951171875,
          "priceAfter7Days": 330.7799987792969,
          "priceChangePercent": 11.422509590005424,
          "managementToneScore": 25,
          "earningsBeatScore": 50,
          "priceActionScore": 90,
          "guidanceAccuracyScoreWeighted": 50,
          "compositeSentimentScore": 60,
          "compositeSentiment": "neutral"
        }
      },
      "quarter": "Q3 2024",
      "quarterInfo": {
        "calendarQuarter": 3,
        "calendarYear": 2024,
        "fiscalQuarter": 3,
        "fiscalYear": 2024,
        "quarter": "Q3 2024",
        "reportDate": "2024-10-31"
      },
      "analyzedSuccessfully": true
    },
    {
      "filing": {
        "accessionNumber": "0001535527-24-000020",
        "filingDate": "2024-08-29",
        "reportDate": "2024-07-31",
        "form": "10-Q",
        "url": "https://www.sec.gov/Archives/edgar/data/1535527/000153552724000020/crwd-20240731.htm"
      },
      "insights": {
        "guidanceTone": "cautious",
        "guidanceDirection": "maintained",
        "bookingsGrowth": null,
        "pricingPower": "strong",
        "headcountTrend": "stable",
        "revenue": 963.872,
        "netIncome": 46.69,
        "operatingCashFlow": 709.869,
        "freeCashFlow": null,
        "daysalesOutstanding": null,
        "deferredRevenue": 3093.197,
        "marketShareMention": null,
        "customerConcentration": null,
        "geographicBreakdown": {
          "US": 68,
          "EMEA": 15,
          "AsiaPacific": 10,
          "Other": 7
        },
        "capexAmount": 88.937,
        "capexGrowth": null,
        "partnerships": [],
        "supplyChainStatus": "unknown",
        "regulatoryHeadwinds": [],
        "aiInvestmentMentioned": true,
        "priorGuidanceHit": null,
        "managementTone": "neutral",
        "overallSentiment": "bullish",
        "summary": "CrowdStrike delivered strong quarterly results with 32% year-over-year revenue growth and solid profitability. The company continues to invest in AI capabilities while maintaining stable operating expenses and generating robust operating cash flow.",
        "keyQuotes": [
          "CrowdStrike is a global cybersecurity leader that delivers cybersecurity's AI-native platform for the XDR era",
          "The company's unified platform provides cloud-delivered protection of endpoints, cloud workloads, identity, and data"
        ],
        "marketData": {
          "priceOnEarningsDate": 231.9600067138672,
          "priceAfter7Days": 230.6699981689453,
          "priceChangePercent": -0.5561340349990406,
          "managementToneScore": 65,
          "earningsBeatScore": 50,
          "priceActionScore": 45,
          "guidanceAccuracyScoreWeighted": 50,
          "compositeSentimentScore": 50,
          "compositeSentiment": "neutral"
        }
      },
      "quarter": "Q2 2024",
      "quarterInfo": {
        "calendarQuarter": 2,
        "calendarYear": 2024,
        "fiscalQuarter": 2,
        "fiscalYear": 2024,
        "quarter": "Q2 2024",
        "reportDate": "2024-07-31"
      },
      "analyzedSuccessfully": true
    },
    {
      "filing": {
        "accessionNumber": "0001535527-24-000013",
        "filingDate": "2024-06-05",
        "reportDate": "2024-04-30",
        "form": "10-Q",
        "url": "https://www.sec.gov/Archives/edgar/data/1535527/000153552724000013/crwd-20240430.htm"
      },
      "insights": {
        "guidanceTone": "positive",
        "guidanceDirection": "raised",
        "bookingsGrowth": null,
        "pricingPower": "strong",
        "headcountTrend": "expanding",
        "revenue": 921.036,
        "netIncome": 46.264,
        "operatingCashFlow": 383.228,
        "freeCashFlow": null,
        "daysalesOutstanding": null,
        "deferredRevenue": 3069.379,
        "marketShareMention": null,
        "customerConcentration": null,
        "geographicBreakdown": {
          "United_States": 68,
          "Europe_Middle_East_Africa": 15,
          "Asia_Pacific": 10,
          "Other": 7
        },
        "capexAmount": 49.683,
        "capexGrowth": null,
        "partnerships": [],
        "supplyChainStatus": "normal",
        "regulatoryHeadwinds": [],
        "aiInvestmentMentioned": true,
        "priorGuidanceHit": null,
        "managementTone": "confident",
        "overallSentiment": "bullish",
        "summary": "CrowdStrike delivered strong Q1 performance with robust revenue growth of 33% year-over-year, reaching $921 million. The company demonstrated profitability with $46.3 million in net income and continued to invest in strategic acquisitions like Flow Security, indicating a confident and expansive market approach.",
        "keyQuotes": [
          "CrowdStrike is a global cybersecurity leader that delivers cybersecurity's AI-native platform for the XDR era",
          "The company provides cloud-delivered protection of endpoints, cloud workloads, identity, and data via a SaaS subscription-based model"
        ],
        "marketData": {
          "priceOnEarningsDate": 292.5400085449219,
          "priceAfter7Days": 312.54998779296875,
          "priceChangePercent": 6.840082950559627,
          "managementToneScore": 100,
          "earningsBeatScore": 50,
          "priceActionScore": 70,
          "guidanceAccuracyScoreWeighted": 70,
          "compositeSentimentScore": 65,
          "compositeSentiment": "bullish"
        }
      },
      "quarter": "Q1 2024",
      "quarterInfo": {
        "calendarQuarter": 1,
        "calendarYear": 2024,
        "fiscalQuarter": 1,
        "fiscalYear": 2024,
        "quarter": "Q1 2024",
        "reportDate": "2024-04-30"
      },
      "analyzedSuccessfully": true
    },
    {
      "filing": {
        "accessionNumber": "0001535527-24-000007",
        "filingDate": "2024-03-07",
        "reportDate": "2024-01-31",
        "form": "10-K",
        "url": "https://www.sec.gov/Archives/edgar/data/1535527/000153552724000007/crwd-20240131.htm"
      },
      "insights": {
        "guidanceTone": "positive",
        "guidanceDirection": "maintained",
        "bookingsGrowth": null,
        "pricingPower": "moderate",
        "headcountTrend": "expanding",
        "revenue": 470.61400000000003,
        "netIncome": 13.167999999999992,
        "operatingCashFlow": null,
        "freeCashFlow": null,
        "daysalesOutstanding": null,
        "deferredRevenue": null,
        "marketShareMention": null,
        "customerConcentration": null,
        "geographicBreakdown": {
          "international": 32
        },
        "capexAmount": null,
        "capexGrowth": null,
        "partnerships": [],
        "supplyChainStatus": "normal",
        "regulatoryHeadwinds": [
          "AI regulation",
          "Data privacy laws",
          "Export control laws"
        ],
        "aiInvestmentMentioned": true,
        "priorGuidanceHit": null,
        "managementTone": "confident",
        "overallSentiment": "bullish",
        "summary": "CrowdStrike achieved profitability in fiscal 2024 with $3.37B in revenue and net income of $89.3M. The company continues to expand internationally, with 32% of revenue from international markets, and is investing in AI and cybersecurity technologies.",
        "keyQuotes": [
          "We have experienced rapid revenue growth in recent periods and we expect to continue to invest broadly across our organization to support our growth.",
          "Supporting our people is a foundational value for CrowdStrike."
        ],
        "marketData": {
          "priceOnEarningsDate": 292.5,
          "priceAfter7Days": 317.7799987792969,
          "priceChangePercent": 8.642734625400642,
          "managementToneScore": 100,
          "earningsBeatScore": 50,
          "priceActionScore": 80,
          "guidanceAccuracyScoreWeighted": 50,
          "compositeSentimentScore": 64,
          "compositeSentiment": "bullish"
        }
      },
      "quarter": "Q4 2023",
      "quarterInfo": {
        "calendarQuarter": 4,
        "calendarYear": 2023,
        "fiscalQuarter": 4,
        "fiscalYear": 2024,
        "quarter": "Q4 2023",
        "reportDate": "2024-01-31"
      },
      "analyzedSuccessfully": true
    },
    {
      "filing": {
        "accessionNumber": "0001535527-23-000026",
        "filingDate": "2023-11-29",
        "reportDate": "2023-10-31",
        "form": "10-Q",
        "url": "https://www.sec.gov/Archives/edgar/data/1535527/000153552723000026/crwd-20231031.htm"
      },
      "insights": {
        "guidanceTone": "positive",
        "guidanceDirection": "maintained",
        "bookingsGrowth": null,
        "pricingPower": "strong",
        "headcountTrend": "expanding",
        "revenue": 786.014,
        "netIncome": 26.665,
        "operatingCashFlow": 819.191,
        "freeCashFlow": null,
        "daysalesOutstanding": null,
        "deferredRevenue": 2543.116,
        "marketShareMention": null,
        "customerConcentration": null,
        "geographicBreakdown": {
          "United_States": 69,
          "Europe_Middle_East_Africa": 15,
          "Asia_Pacific": 10,
          "Other": 6
        },
        "capexAmount": 123.945,
        "capexGrowth": null,
        "partnerships": [
          "Amazon Web Services"
        ],
        "supplyChainStatus": "normal",
        "regulatoryHeadwinds": [],
        "aiInvestmentMentioned": false,
        "priorGuidanceHit": null,
        "managementTone": "confident",
        "overallSentiment": "bullish",
        "summary": "CrowdStrike delivered strong Q3 performance with robust revenue growth and positive net income. The company continues to expand globally, with 69% of revenue from the United States and strong performance across international markets.",
        "keyQuotes": [],
        "marketData": {
          "priceOnEarningsDate": 176.77000427246094,
          "priceAfter7Days": 192.36000061035156,
          "priceChangePercent": 8.819367517727326,
          "managementToneScore": 100,
          "earningsBeatScore": 50,
          "priceActionScore": 80,
          "guidanceAccuracyScoreWeighted": 50,
          "compositeSentimentScore": 64,
          "compositeSentiment": "bullish"
        }
      },
      "quarter": "Q3 2023",
      "quarterInfo": {
        "calendarQuarter": 3,
        "calendarYear": 2023,
        "fiscalQuarter": 3,
        "fiscalYear": 2023,
        "quarter": "Q3 2023",
        "reportDate": "2023-10-31"
      },
      "analyzedSuccessfully": true
    },
    {
      "filing": {
        "accessionNumber": "0001535527-23-000020",
        "filingDate": "2023-08-31",
        "reportDate": "2023-07-31",
        "form": "10-Q",
        "url": "https://www.sec.gov/Archives/edgar/data/1535527/000153552723000020/crwd-20230731.htm"
      },
      "insights": {
        "guidanceTone": "positive",
        "guidanceDirection": "raised",
        "bookingsGrowth": null,
        "pricingPower": "strong",
        "headcountTrend": "expanding",
        "revenue": 731.626,
        "netIncome": 8.472,
        "operatingCashFlow": 545.673,
        "freeCashFlow": null,
        "daysalesOutstanding": null,
        "deferredRevenue": 2507.642,
        "marketShareMention": null,
        "customerConcentration": null,
        "geographicBreakdown": {
          "United_States": 69,
          "Europe_Middle_East_Africa": 15,
          "Asia_Pacific": 10,
          "Other": 6
        },
        "capexAmount": 102.681,
        "capexGrowth": null,
        "partnerships": [],
        "supplyChainStatus": "normal",
        "regulatoryHeadwinds": [],
        "aiInvestmentMentioned": false,
        "priorGuidanceHit": null,
        "managementTone": "confident",
        "overallSentiment": "bullish",
        "summary": "CrowdStrike delivered strong quarterly results with 36.5% revenue growth and positive net income, driven by robust subscription revenue and continued expansion in key geographic markets. The company maintains a positive outlook with strong operating cash flow and increasing deferred revenue.",
        "keyQuotes": [
          "We have achieved profitability in quarterly periods",
          "Our sales team and channel partner network sells services worldwide to organizations of all sizes"
        ],
        "marketData": {
          "priceOnEarningsDate": 161.66000366210938,
          "priceAfter7Days": 150.97000122070312,
          "priceChangePercent": -6.612645180776909,
          "managementToneScore": 100,
          "earningsBeatScore": 50,
          "priceActionScore": 25,
          "guidanceAccuracyScoreWeighted": 70,
          "compositeSentimentScore": 52,
          "compositeSentiment": "neutral"
        }
      },
      "quarter": "Q2 2023",
      "quarterInfo": {
        "calendarQuarter": 2,
        "calendarYear": 2023,
        "fiscalQuarter": 2,
        "fiscalYear": 2023,
        "quarter": "Q2 2023",
        "reportDate": "2023-07-31"
      },
      "analyzedSuccessfully": true
    },
    {
      "filing": {
        "accessionNumber": "0001535527-23-000014",
        "filingDate": "2023-06-01",
        "reportDate": "2023-04-30",
        "form": "10-Q",
        "url": "https://www.sec.gov/Archives/edgar/data/1535527/000153552723000014/crwd-20230430.htm"
      },
      "insights": {
        "guidanceTone": "positive",
        "guidanceDirection": "maintained",
        "bookingsGrowth": null,
        "pricingPower": "strong",
        "headcountTrend": "expanding",
        "revenue": 692.58,
        "netIncome": 0.491,
        "operatingCashFlow": 300.892,
        "freeCashFlow": null,
        "daysalesOutstanding": null,
        "deferredRevenue": 2403.791,
        "marketShareMention": null,
        "customerConcentration": null,
        "geographicBreakdown": {
          "United_States": 69,
          "Europe_Middle_East_Africa": 15,
          "Asia_Pacific": 10,
          "Other": 6
        },
        "capexAmount": 73.166,
        "capexGrowth": null,
        "partnerships": [
          "Amazon Web Services"
        ],
        "supplyChainStatus": "normal",
        "regulatoryHeadwinds": [],
        "aiInvestmentMentioned": false,
        "priorGuidanceHit": null,
        "managementTone": "confident",
        "overallSentiment": "bullish",
        "summary": "CrowdStrike delivered strong Q1 results with robust revenue growth and positive net income, driven by continued demand for cloud-delivered cybersecurity solutions. The company maintained a positive outlook, with strong geographic diversification and continued investment in platform capabilities.",
        "keyQuotes": [
          "We have achieved profitability and have been generating positive cash flow",
          "The Company continues to see strong demand for its cloud platform"
        ],
        "marketData": {
          "priceOnEarningsDate": 118.79000091552734,
          "priceAfter7Days": 132.41000366210938,
          "priceChangePercent": 11.465613807232259,
          "managementToneScore": 100,
          "earningsBeatScore": 50,
          "priceActionScore": 90,
          "guidanceAccuracyScoreWeighted": 50,
          "compositeSentimentScore": 67,
          "compositeSentiment": "bullish"
        }
      },
      "quarter": "Q1 2023",
      "quarterInfo": {
        "calendarQuarter": 1,
        "calendarYear": 2023,
        "fiscalQuarter": 1,
        "fiscalYear": 2023,
        "quarter": "Q1 2023",
        "reportDate": "2023-04-30"
      },
      "analyzedSuccessfully": true
    },
    {
      "filing": {
        "accessionNumber": "0001535527-23-000008",
        "filingDate": "2023-03-09",
        "reportDate": "2023-01-31",
        "form": "10-K",
        "url": "https://www.sec.gov/Archives/edgar/data/1535527/000153552723000008/crwd-20230131.htm"
      },
      "insights": {
        "guidanceTone": "cautious",
        "guidanceDirection": "maintained",
        "bookingsGrowth": null,
        "pricingPower": "unknown",
        "headcountTrend": "expanding",
        "revenue": 45.779999999999745,
        "netIncome": -218.82799999999997,
        "operatingCashFlow": null,
        "freeCashFlow": null,
        "daysalesOutstanding": null,
        "deferredRevenue": null,
        "marketShareMention": null,
        "customerConcentration": null,
        "geographicBreakdown": {
          "international": 30
        },
        "capexAmount": null,
        "capexGrowth": null,
        "partnerships": [],
        "supplyChainStatus": "unknown",
        "regulatoryHeadwinds": [],
        "aiInvestmentMentioned": true,
        "priorGuidanceHit": null,
        "managementTone": "cautious",
        "overallSentiment": "neutral",
        "summary": "CrowdStrike experienced continued growth but maintained a cautious outlook, with revenue of $2.256 billion and a net loss of $183.2 million for fiscal 2023. The company expanded headcount and continues investing in AI and cybersecurity technologies.",
        "keyQuotes": [],
        "marketData": {
          "priceOnEarningsDate": 105.9000015258789,
          "priceAfter7Days": 114.58999633789062,
          "priceChangePercent": 8.205849562606602,
          "managementToneScore": 45,
          "earningsBeatScore": 50,
          "priceActionScore": 80,
          "guidanceAccuracyScoreWeighted": 50,
          "compositeSentimentScore": 59,
          "compositeSentiment": "neutral"
        }
      },
      "quarter": "Q4 2022",
      "quarterInfo": {
        "calendarQuarter": 4,
        "calendarYear": 2022,
        "fiscalQuarter": 4,
        "fiscalYear": 2023,
        "quarter": "Q4 2022",
        "reportDate": "2023-01-31"
      },
      "analyzedSuccessfully": true
    },
    {
      "filing": {
        "accessionNumber": "0001535527-22-000025",
        "filingDate": "2022-11-30",
        "reportDate": "2022-10-31",
        "form": "10-Q",
        "url": "https://www.sec.gov/Archives/edgar/data/1535527/000153552722000025/crwd-20221031.htm"
      },
      "insights": {
        "guidanceTone": "positive",
        "guidanceDirection": "maintained",
        "bookingsGrowth": 52,
        "pricingPower": "strong",
        "headcountTrend": "expanding",
        "revenue": 581,
        "netIncome": -55,
        "operatingCashFlow": 668,
        "freeCashFlow": null,
        "daysalesOutstanding": null,
        "deferredRevenue": 2015,
        "marketShareMention": "continued market leadership in cybersecurity",
        "customerConcentration": 16,
        "geographicBreakdown": {
          "US": 69,
          "EMEA": 15,
          "APAC": 10,
          "Other": 6
        },
        "capexAmount": 180,
        "capexGrowth": null,
        "partnerships": [
          "Amazon Web Services"
        ],
        "supplyChainStatus": "normal",
        "regulatoryHeadwinds": [],
        "aiInvestmentMentioned": false,
        "priorGuidanceHit": null,
        "managementTone": "confident",
        "overallSentiment": "bullish",
        "summary": "CrowdStrike continues to demonstrate strong revenue growth with 52% year-over-year increase, driven by robust channel partner ecosystem and expanding global footprint. Despite net losses, the company maintains a positive outlook with substantial deferred revenue and strong operating cash flow.",
        "keyQuotes": [
          "We expect to recognize approximately 64% of remaining performance obligations in the next 12 months",
          "Continued strong performance across channel partners and direct customer segments"
        ],
        "marketData": {
          "priceOnEarningsDate": 161.1999969482422,
          "priceAfter7Days": 124.68000030517578,
          "priceChangePercent": -22.655085195064974,
          "managementToneScore": 100,
          "earningsBeatScore": 50,
          "priceActionScore": 5,
          "guidanceAccuracyScoreWeighted": 50,
          "compositeSentimentScore": 42,
          "compositeSentiment": "neutral"
        }
      },
      "quarter": "Q3 2022",
      "quarterInfo": {
        "calendarQuarter": 3,
        "calendarYear": 2022,
        "fiscalQuarter": 3,
        "fiscalYear": 2022,
        "quarter": "Q3 2022",
        "reportDate": "2022-10-31"
      },
      "analyzedSuccessfully": true
    }
  ],
  "totalFetched": 12,
  "successfulAnalyses": 11,
  "lastUpdated": "2025-11-26T04:01:01.089Z"
}